@article{srivastava2014dropout,
	title="Dropout: a simple way to prevent neural networks from overfitting",
	author="Nitish {Srivastava} and Geoffrey {Hinton} and Alex {Krizhevsky} and Ilya {Sutskever} and Ruslan {Salakhutdinov}",
	journal="Journal of Machine Learning Research",
	volume="15",
	number="1",
	pages="1929--1958",
	notes="Sourced from Microsoft Academic - https://academic.microsoft.com/paper/2095705004",
	year="2014"
}

@book{bishop2006pattern,
	title="Pattern Recognition and Machine Learning",
	author="Christopher M. {Bishop}",
	notes="Sourced from Microsoft Academic - https://academic.microsoft.com/paper/1663973292",
	year="2006"
}

@inproceedings{goodfellow2015explaining,
	title="Explaining and Harnessing Adversarial Examples",
	author="Ian J. {Goodfellow} and Jonathon {Shlens} and Christian {Szegedy}",
	booktitle="ICLR 2015 : International Conference on Learning Representations 2015",
	notes="Sourced from Microsoft Academic - https://academic.microsoft.com/paper/2963207607",
	year="2015"
}

@inproceedings{gal2016dropout,
	title="Dropout as a Bayesian approximation: representing model uncertainty in deep learning",
	author="Yarin {Gal} and Zoubin {Ghahramani}",
	booktitle="ICML'16 Proceedings of the 33rd International Conference on International Conference on Machine Learning - Volume 48",
	pages="1050--1059",
	notes="Sourced from Microsoft Academic - https://academic.microsoft.com/paper/2964059111",
	year="2016"
}

@inproceedings{kendall2017what,
	title="What uncertainties do we need in Bayesian deep learning for computer vision",
	author="Alex {Kendall} and Yarin {Gal}",
	booktitle="NIPS'17 Proceedings of the 31st International Conference on Neural Information Processing Systems",
	volume="30",
	pages="5580--5590",
	notes="Sourced from Microsoft Academic - https://academic.microsoft.com/paper/2600383743",
	year="2017"
}

@inproceedings{guo2017on,
	title="On calibration of modern neural networks",
	author="Chuan {Guo} and Geoff {Pleiss} and Yu {Sun} and Kilian Q. {Weinberger}",
	booktitle="Proceedings of the 34th International Conference on Machine Learning - Volume 70",
	pages="1321--1330",
	notes="Sourced from Microsoft Academic - https://academic.microsoft.com/paper/2964212410",
	year="2017"
}

@inproceedings{lakshminarayanan2017simple,
	title="Simple and Scalable Predictive Uncertainty Estimation using Deep Ensembles",
	author="Balaji {Lakshminarayanan} and Alexander {Pritzel} and Charles {Blundell}",
	booktitle="Advances in Neural Information Processing Systems",
	volume="30",
	pages="6402--6413",
	notes="Sourced from Microsoft Academic - https://academic.microsoft.com/paper/2963238274",
	year="2017"
}

@inproceedings{kurakin2016adversarial,
	title="Adversarial Machine Learning at Scale",
	author="Alexey {Kurakin} and Ian J. {Goodfellow} and Samy {Bengio}",
	booktitle="ICLR (Poster)",
	notes="Sourced from Microsoft Academic - https://academic.microsoft.com/paper/2963389226",
	year="2016"
}

@article{vehtari2017practical,
	title="Practical Bayesian model evaluation using leave-one-out cross-validation and WAIC",
	author="Aki {Vehtari} and Andrew {Gelman} and Jonah {Gabry}",
	journal="Statistics and Computing",
	volume="27",
	number="5",
	pages="1413--1432",
	notes="Sourced from Microsoft Academic - https://academic.microsoft.com/paper/3100475925",
	year="2017"
}

@article{blundell2015weight,
	title="Weight Uncertainty in Neural Networks",
	author="Charles {Blundell} and Julien {Cornebise} and Koray {Kavukcuoglu} and Daan {Wierstra}",
	journal="arXiv preprint arXiv:1505.05424",
	notes="Sourced from Microsoft Academic - https://academic.microsoft.com/paper/2951266961",
	year="2015"
}

@inproceedings{lee2018deep,
	title="Deep Neural Networks as Gaussian Processes",
	author="Jaehoon {Lee} and Yasaman {Bahri} and Roman {Novak} and Samuel S. {Schoenholz} and Jeffrey {Pennington} and Jascha {Sohl-Dickstein}",
	booktitle="International Conference on Learning Representations",
	notes="Sourced from Microsoft Academic - https://academic.microsoft.com/paper/2964052793",
	year="2018"
}

@article{saxe2019on,
	title="On the Information Bottleneck Theory of Deep Learning",
	author="Andrew Michael {Saxe} and Yamini {Bansal} and Joel {Dapello} and Madhu {Advani} and Artemy {Kolchinsky} and Brendan Daniel {Tracey} and David Daniel {Cox}",
	journal="Journal of Statistical Mechanics: Theory and Experiment",
	volume="2019",
	number="12",
	pages="124020",
	notes="Sourced from Microsoft Academic - https://academic.microsoft.com/paper/2996320484",
	year="2019"
}

@article{loquercio2018dronet,
	title="DroNet: Learning to Fly by Driving",
	author="Antonio {Loquercio} and Ana I. {Maqueda} and Carlos R. {del-Blanco} and Davide {Scaramuzza}",
	journal="IEEE Robotics and Automation Letters",
	volume="3",
	number="2",
	pages="1088--1095",
	notes="Sourced from Microsoft Academic - https://academic.microsoft.com/paper/2788239209",
	year="2018"
}

@inproceedings{malinin2018predictive,
	title="Predictive uncertainty estimation via prior networks",
	author="Andrey {Malinin} and Mark {Gales}",
	booktitle="NIPS'18 Proceedings of the 32nd International Conference on Neural Information Processing Systems",
	volume="31",
	pages="7047--7058",
	notes="Sourced from Microsoft Academic - https://academic.microsoft.com/paper/2963215553",
	year="2018"
}

@inproceedings{korattikara2015bayesian,
	title="Bayesian dark knowledge",
	author="Anoop {Korattikara} and Vivek {Rathod} and Kevin {Murphy} and Max {Welling}",
	booktitle="NIPS'15 Proceedings of the 28th International Conference on Neural Information Processing Systems - Volume 2",
	volume="28",
	pages="3438--3446",
	notes="Sourced from Microsoft Academic - https://academic.microsoft.com/paper/1592410721",
	year="2015"
}

@book{prince2012computer,
	title="Computer Vision: Models, Learning, and Inference",
	author="Simon J. D. {Prince}",
	notes="Sourced from Microsoft Academic - https://academic.microsoft.com/paper/35490052",
	year="2012"
}

@inproceedings{kuleshov2018accurate,
	title="Accurate Uncertainties for Deep Learning Using Calibrated Regression.",
	author="Volodymyr {Kuleshov} and Nathan {Fenner} and Stefano {Ermon}",
	booktitle="International Conference on Machine Learning",
	pages="2796--2804",
	notes="Sourced from Microsoft Academic - https://academic.microsoft.com/paper/2963081736",
	year="2018"
}

@inproceedings{sensoy2018evidential,
	title="Evidential Deep Learning to Quantify Classification Uncertainty",
	author="Murat {Sensoy} and Lance M. {Kaplan} and Melih {Kandemir}",
	booktitle="Advances in Neural Information Processing Systems",
	volume="31",
	pages="3179--3189",
	notes="Sourced from Microsoft Academic - https://academic.microsoft.com/paper/2806471870",
	year="2018"
}

@article{kurakin2018adversarial,
	title="Adversarial Attacks and Defences Competition",
	author="Alexey {Kurakin} and Ian J. {Goodfellow} and Samy {Bengio} and Yinpeng {Dong} and Fangzhou {Liao} and Ming {Liang} and Tianyu {Pang} and Jun {Zhu} and Xiaolin {Hu} and Cihang {Xie} and Jianyu {Wang} and Zhishuai {Zhang} and Zhou {Ren} and Alan L. {Yuille} and Sangxia {Huang} and Yao {Zhao} and Yuzhe {Zhao} and Zhonglin {Han} and Junjiajia {Long} and Yerkebulan {Berdibekov} and Takuya {Akiba} and Seiya {Tokui} and Motoki {Abe}",
	journal="arXiv preprint arXiv:1804.00097",
	pages="195--231",
	notes="Sourced from Microsoft Academic - https://academic.microsoft.com/paper/2795727551",
	year="2018"
}

@inproceedings{zhu2017deep,
	title="Deep and Confident Prediction for Time Series at Uber",
	author="Lingxue {Zhu} and Nikolay {Laptev}",
	booktitle="2017 IEEE International Conference on Data Mining Workshops (ICDMW)",
	pages="103--110",
	notes="Sourced from Microsoft Academic - https://academic.microsoft.com/paper/2751802138",
	year="2017"
}

@inproceedings{gast2018lightweight,
	title="Lightweight Probabilistic Deep Networks",
	author="Jochen {Gast} and Stefan {Roth}",
	booktitle="2018 IEEE/CVF Conference on Computer Vision and Pattern Recognition",
	pages="3369--3378",
	notes="Sourced from Microsoft Academic - https://academic.microsoft.com/paper/2964339591",
	year="2018"
}

@inproceedings{barron2019a,
	title="A General and Adaptive Robust Loss Function",
	author="Jonathan T. {Barron}",
	booktitle="2019 IEEE/CVF Conference on Computer Vision and Pattern Recognition (CVPR)",
	pages="4331--4339",
	notes="Sourced from Microsoft Academic - https://academic.microsoft.com/paper/2955863859",
	year="2019"
}

@inproceedings{amini2020deep,
	title="Deep Evidential Regression",
	author="Alexander {Amini} and Wilko {Schwarting} and Ava {Soleimany} and Daniela {Rus}",
	booktitle="Advances in Neural Information Processing Systems",
	volume="33",
	notes="Sourced from Microsoft Academic - https://academic.microsoft.com/paper/3100019193",
	year="2020"
}

@article{goldfeld2020the,
	title="The Information Bottleneck Problem and its Applications in Machine Learning",
	author="Ziv {Goldfeld} and Yury {Polyanskiy}",
	journal="IEEE Journal on Selected Areas in Information Theory",
	volume="1",
	number="1",
	pages="19--38",
	notes="Sourced from Microsoft Academic - https://academic.microsoft.com/paper/3022414928",
	year="2020"
}

@inproceedings{goldberg1997regression,
	title="Regression with Input-dependent Noise: A Gaussian Process Treatment",
	author="Paul W. {Goldberg} and Christopher K. I. {Williams} and Christopher M. {Bishop}",
	booktitle="Advances in Neural Information Processing Systems 10",
	volume="10",
	pages="493--499",
	notes="Sourced from Microsoft Academic - https://academic.microsoft.com/paper/2170078560",
	year="1997"
}

@article{yao2019quality,
	title="Quality of Uncertainty Quantification for Bayesian Neural Network Inference.",
	author="Jiayu {Yao} and Weiwei {Pan} and Soumya {Ghosh} and Finale {Doshi-Velez}",
	journal="arXiv preprint arXiv:1906.09686",
	notes="Sourced from Microsoft Academic - https://academic.microsoft.com/paper/2952816888",
	year="2019"
}

@article{loquercio2020a,
	title="A General Framework for Uncertainty Estimation in Deep Learning",
	author="Antonio {Loquercio} and Mattia {Segu} and Davide {Scaramuzza}",
	journal="IEEE Robotics and Automation Letters",
	volume="5",
	number="2",
	pages="3153--3160",
	notes="Sourced from Microsoft Academic - https://academic.microsoft.com/paper/3102961490",
	year="2020"
}

@inproceedings{ding2020revisiting,
	title="Revisiting the Evaluation of Uncertainty Estimation and Its Application to Explore Model Complexity-Uncertainty Trade-Off",
	author="Yukun {Ding} and Jinglan {Liu} and Jinjun {Xiong} and Yiyu {Shi}",
	booktitle="Proceedings of the IEEE/CVF Conference on Computer Vision and Pattern Recognition Workshops",
	pages="22--31",
	notes="Sourced from Microsoft Academic - https://academic.microsoft.com/paper/3034403194",
	year="2020"
}

@article{labach2019survey,
	title="Survey of Dropout Methods for Deep Neural Networks.",
	author="Alex {Labach} and Hojjat {Salehinejad} and Shahrokh {Valaee}",
	journal="arXiv preprint arXiv:1904.13310",
	notes="Sourced from Microsoft Academic - https://academic.microsoft.com/paper/2943008967",
	year="2019"
}

@article{mani2019coverage,
	title="Coverage Testing of Deep Learning Models using Dataset Characterization.",
	author="Senthil {Mani} and Anush {Sankaran} and Srikanth {Tamilselvam} and Akshay {Sethi}",
	journal="arXiv preprint arXiv:1911.07309",
	notes="Sourced from Microsoft Academic - https://academic.microsoft.com/paper/2987274022",
	year="2019"
}

@article{dysert2007is,
	title="Is estimate accuracy an oxymoron",
	author="Lorry {Dysert}",
	journal="Cost engineering",
	volume="49",
	number="1",
	pages="32--36",
	notes="Sourced from Microsoft Academic - https://academic.microsoft.com/paper/2994201690",
	year="2007"
}

@article{arnez2020a,
	title="A Comparison of Uncertainty Estimation Approaches in Deep Learning Components for Autonomous Vehicle Applications.",
	author="Fabio {Arnez} and Huáscar {Espinoza} and Ansgar {Radermacher} and François {Terrier}",
	journal="arXiv preprint arXiv:2006.15172",
	notes="Sourced from Microsoft Academic - https://academic.microsoft.com/paper/3037798905",
	year="2020"
}

@article{akhtar2018threat,
	title="Threat of Adversarial Attacks on Deep Learning in Computer Vision: A Survey",
	author="Naveed {Akhtar} and Ajmal {Mian}",
	journal="IEEE Access",
	volume="6",
	pages="14410--14430",
	notes="Sourced from Microsoft Academic - https://academic.microsoft.com/paper/2962700793",
	year="2018"
}
@inproceedings{feng2018towards,
	title="Towards Safe Autonomous Driving: Capture Uncertainty in the Deep Neural Network For Lidar 3D Vehicle Detection",
	author="Di {Feng} and Lars {Rosenbaum} and Klaus {Dietmayer}",
	booktitle="2018 21st International Conference on Intelligent Transportation Systems (ITSC)",
	pages="3266--3273",
	notes="Sourced from Microsoft Academic - https://academic.microsoft.com/paper/2963167203",
	year="2018"
}

@inproceedings{rao2018deep,
	title="Deep learning for self-driving cars: chances and challenges",
	author="Qing {Rao} and Jelena {Frtunikj}",
	booktitle="2018 IEEE/ACM 1st International Workshop on Software Engineering for AI in Autonomous Systems (SEFAIAS)",
	pages="35--38",
	notes="Sourced from Microsoft Academic - https://academic.microsoft.com/paper/2884877436",
	year="2018"
}
